@Book{xie2015,
  title = {Dynamic Documents with {R} and knitr},
  author = {Yihui Xie},
  publisher = {Chapman and Hall/CRC},
  address = {Boca Raton, Florida},
  year = {2015},
  edition = {2nd},
  note = {ISBN 978-1498716963},
  url = {http://yihui.name/knitr/},
}

@incollection{abrevaya2002effects,
  title={The effects of demographics and maternal behavior on the distribution of birth outcomes},
  author={Abrevaya, Jason},
  booktitle={Economic applications of quantile regression},
  pages={247--257},
  year={2002},
  publisher={Springer}
}

@article{koenker2001quantile,
  title={Quantile regression},
  author={Koenker, Roger and Hallock, Kevin F},
  journal={Journal of economic perspectives},
  volume={15},
  number={4},
  pages={143--156},
  year={2001}
}

@article{machado2005counterfactual,
  title={Counterfactual decomposition of changes in wage distributions using quantile regression},
  author={Machado, Jos{\'e} AF and Mata, Jos{\'e}},
  journal={Journal of applied Econometrics},
  volume={20},
  number={4},
  pages={445--465},
  year={2005},
  publisher={Wiley Online Library}
}

@article{firpo2009unconditional,
  title={Unconditional quantile regressions},
  author={Firpo, Sergio and Fortin, Nicole M and Lemieux, Thomas},
  journal={Econometrica},
  volume={77},
  number={3},
  pages={953--973},
  year={2009},
  publisher={Wiley Online Library}
}

@article{firpo2018decomposing,
  title={Decomposing wage distributions using recentered influence function regressions},
  author={Firpo, Sergio and Fortin, Nicole and Lemieux, Thomas},
  journal={Econometrics},
  volume={6},
  number={2},
  pages={28},
  year={2018},
  publisher={Multidisciplinary Digital Publishing Institute}
}
